<record><leader>00000cas a22000007a 4500</leader><controlfield tag="001">18386968</controlfield><controlfield tag="008">880822d19751982ohuwr ne      0    0eng d</controlfield><datafield ind1=" " ind2=" " tag="010"><subfield code="a">sn 88077762 </subfield></datafield><datafield ind1=" " ind2=" " tag="040"><subfield code="a">ONP</subfield><subfield code="b">eng</subfield><subfield code="c">ONP</subfield><subfield code="d">OCLCQ</subfield></datafield><datafield ind1=" " ind2=" " tag="042"><subfield code="a">msc</subfield></datafield><datafield ind1="0" ind2=" " tag="130"><subfield code="a">Columbus messenger (West ed.)</subfield></datafield><datafield ind1="1" ind2="4" tag="245"><subfield code="a">The Columbus messenger.</subfield></datafield><datafield ind1=" " ind2=" " tag="250"><subfield code="a">West ed.</subfield></datafield><datafield ind1=" " ind2=" " tag="260"><subfield code="a">Columbus, Ohio :</subfield><subfield code="b">Columbus Messenger Co.,</subfield><subfield code="c">1975-1982.</subfield></datafield><datafield ind1=" " ind2=" " tag="300"><subfield code="a">v.</subfield></datafield><datafield ind1=" " ind2=" " tag="310"><subfield code="a">Weekly</subfield></datafield><datafield ind1="0" ind2=" " tag="362"><subfield code="a">Vol. 1, no. 51 (May 12, 1975)-v. 9, no. 18 (Aug. 30, 1982).</subfield></datafield><datafield ind1=" " ind2=" " tag="752"><subfield code="a">United States</subfield><subfield code="b">Ohio</subfield><subfield code="c">Franklin</subfield><subfield code="d">Columbus.</subfield></datafield><datafield ind1="0" ind2="0" tag="780"><subfield code="t">West Columbus messenger</subfield><subfield code="w">(DLC)sn 88077761</subfield></datafield><datafield ind1="0" ind2="0" tag="785"><subfield code="t">Westside messenger</subfield><subfield code="w">(DLC)sn 86003180</subfield></datafield></record>